<?xml version="1.0" encoding="UTF-8"?><collection xmlns="http://www.loc.gov/MARC21/slim"><record><leader>00459nam--2200157-i-4500</leader><controlfield tag="001">000040559</controlfield><controlfield tag="002">20161230</controlfield><controlfield tag="005">20170113002237</controlfield><controlfield tag="008">060222s1000------------r-----000-0-eng-d</controlfield><datafield ind1=" " ind2=" " tag="080"><subfield code="a">512.81</subfield></datafield><datafield ind1=" " ind2=" " tag="100"><subfield code="a">Scheffers, Georg</subfield></datafield><datafield ind1=" " ind2=" " tag="245"><subfield code="a">Sophus lie, vorlesungen uber continuierliche gruppen mit geometrischen und anderen anwendungen</subfield></datafield><datafield ind1=" " ind2=" " tag="260"><subfield code="a">Bronx, New York</subfield><subfield code="b">Chelsea Publ.Co</subfield><subfield code="c">1971</subfield></datafield><datafield ind1=" " ind2=" " tag="300"><subfield code="a">XII + 810 p</subfield></datafield><datafield ind1=" " ind2=" " tag="852"><subfield code="a">43104</subfield></datafield><datafield ind1=" " ind2=" " tag="CAT"><subfield code="a">SYS</subfield><subfield code="c">20170113</subfield><subfield code="h">002237</subfield></datafield></record></collection>